@misc{SIGGR71:online,
author = {},
title = {SIGGRAPH 2016 Conference},
howpublished = {\url{http://s2016.siggraph.org/conference}},
month = {},
year = {},
note = {(Accessed on 07/17/2016)}
}